@article{pojazdy_autonomiczne,
  author  = {PJiageng Mao and Shaoshuai Shi and Xiaogang Wang and Hongsheng Li},
  title   = {3D Object Detection for Autonomous Driving: A Comprehensive Survey
},
  year    = {2022}, 
note = {\url{https://arxiv.org/abs/2206.09474} [dostęp dnia 29 listopada 2024]}
}
@article{monitoring_wizyjny,
  author  = {Pooja Shrivastav and Vakula Rani Jakka},
  title   = {A Real-Time Crowd Detection and Monitoring System using Machine Learning
},
  year    = {2023}, 
note = {\url{https://www.researchgate.net/publication/368942224_A_Real-Time_Crowd_Detection_and_Monitoring_System_using_Machine_Learning} [dostęp dnia 29 listopada 2024]}
}
@article{obrazowanie_w_medycynie,
  author  = {Pranav Rajpurkar and Jeremy Irvin and Kaylie Zhu and Brandon Yang and Hershel Mehta and Tony Duan and Daisy Ding and Aarti Bagul and Curtis Langlotz and Katie Shpanskaya and Matthew P. Lungren and Andrew Y. Ng},
  title   = {CheXNet: Radiologist-Level Pneumonia Detection on Chest X-Rays with Deep Learning},
  year    = {2017}, 
note = {\url{https://arxiv.org/abs/1711.05225} [dostęp dnia 29 listopada 2024]}
}
@article{wildlife,
  author  = {Anne K. Schütz and Helen Louton and Mareike Fischer and Carolina Probst and Jörn M. Gethman and Franz J. Conraths and Timo Homeier-Bachmann},
  title   = {Automated Detection and Counting of Wild Boar in Camera Trap Images},
  year    = {2024}, 
note = {\url{https://www.mdpi.com/2076-2615/14/10/1408} [dostęp dnia 29 listopada 2024]}
}
@article{sklepy,
  author  = {Franko Šikić and Zoran Kalafatić and Marko Subašić and Sven Lončarić},
  title   = {Enhanced Out-of-Stock Detection in Retail Shelf Images Based on Deep Learning},
  year    = {2024}, 
note = {\url{https://www.mdpi.com/1424-8220/24/2/693} [dostęp dnia 29 listopada 2024]}
}



% YOLO:
@misc{yolo_docs,
  author = {{Ultralytics Inc.}},
  title = {Dokumentacja {YOLO}},
  year = {2024},
note = {\url{https://docs.ultralytics.com} [dostęp dnia 29 listopada 2024]}
}
@inproceedings{yolo_pierwszy_artykul,
  author  = {Joseph Redmon and Santosh Divvala and Ross Girshick and Ali Farhadi},
  title   = {You Only Look Once: Unified, Real-Time Object Detection},
  year    = {2016}, 
note = {\url{https://ieeexplore.ieee.org/document/7780460?denied=} [dostęp dnia 29 listopada 2024]}
}
@misc{yolov8_ultralytics,
  author = {Glenn Jocher and Ayush Chaurasia and Jing Qiu},
  title = {Ultralytics YOLOv8},
  year = {2023},
note = {\url{https://github.com/ultralytics/ultralytics} [dostęp dnia 2 grudnia 2024]}
}
@misc{yolo11_ultralytics,
  author = {Glenn Jocher and Jing Qiu},
  title = {Ultralytics YOLO11},
  year = {2024},
note = {\url{https://github.com/ultralytics/ultralytics} [dostęp dnia 2 grudnia 2024]}
}




% Wprowadzenie do technologii:
@article{haar,
  author  = {Paul Viola and Michael J. Jones},
  title   = {Rapid Object Detection using a Boosted Cascade of Simple Features},
  year    = {2001}, 
note = {\url{https://www.researchgate.net/publication/3940582_Rapid_Object_Detection_using_a_Boosted_Cascade_of_Simple_Features} [dostęp dnia 29 listopada 2024]}
}
@article{hog,
  author  = {Navneet Dalal and Bill Triggs},
  title   = {Histograms of oriented gradients for human detection},
  year    = {2005}, 
note = {\url{https://ieeexplore.ieee.org/document/1467360} [dostęp dnia 29 listopada 2024]}
}
@article{svm,
  author  = {Corinna Cortes and Vladimir Vapnik},
  title   = {Support-vector networks},
  year    = {1995}, 
note = {\url{https://link.springer.com/article/10.1007/BF00994018} [dostęp dnia 29 listopada 2024]}
}





% RCNN
@inproceedings{RCNN,
  author  = {Ross Girshick and Jeff Donahue and Trevor Darrell and Jitendra Malik},
  title   = {Rich Feature Hierarchies for Accurate Object Detection and Semantic Segmentation},
  booktitle = {Proceedings of IEEE Conference on Computer Vision and Pattern Recognition (CVPR)},
  year    = {2014},
  pages = {580--587},
  publisher = {IEEE},
  address = {Columbus, OH, USA},
note ={\url{https://ieeexplore.ieee.org/document/6909475} [dostęp dnia 29 listopada 2024]}
}

@inproceedings{Fast-RCNN,
  author  = {Ross Girshick},
  title   = {Fast R-CNN},
  booktitle = {Proceedings of IEEE International Conference on Computer Vision (ICCV)},
  year    = {2015}, 
  pages = {1440--1448},
  publisher = {IEEE},
  address = {Santiago, Chile},
note = {\url{https://ieeexplore.ieee.org/document/7410526} [dostęp dnia 29 listopada 2024]}
}
@inproceedings{Faster-RCNN,
  author  = {Shaoqing Ren and Kaiming He and Ross Girshick and Jian Sun},
  title = {Faster R-CNN: Towards Real-Time Object Detection with Region Proposal Networks},
  booktitle = {Proceedings of IEEE International Conference on Computer Vision (ICCV)},
  pages = {1137--1149},
  address = {Boston, USA},
  publisher = {IEEE},
  year = {2015},
note = {\url{https://ieeexplore.ieee.org/document/7485869}[dostęp dnia 29 listopada 2024]}
}




@article{AUC_critique1,
  author = {Daniel Berrar and Peter Flach},
  journal = {Briefings in Bioinformatics},
  title = {Caveats and pitfalls of ROC analysis in clinical microarray research (and how to avoid them) },
  volume = {13},
  year = {2011},
  note = {\url{https://academic.oup.com/bib/article/13/1/83/218392?login=false} [dostęp dnia 6 grudnia 2024]},
}
@article{AUC_critique2,
  author = {Davide Chicco and Giuseppe Jurman},
  title = {The Matthews correlation coefficient (MCC) should replace the ROC AUC as the standard metric for assessing binary classification},
  journal = {BioData Mining},
  volume = {16},
  number = {4},
  year = {2023},
  note = {\url{https://doi.org/10.1186/s13040-023-00322-4} [dostęp dnia 6 grudnia 2024]},
}




@misc{Python_docs,
    title = {Dokumentacja języka Python, wersja 3.12},
    note = {\url{https://docs.python.org/3.12/}[dostęp dnia 2 grudnia 2024]}
}
@misc{COCO_docs,
    title = {Dokumentacja zestawu danych COCO},
    note = {\url{https://cocodataset.org/#home} [dostęp dnia 2 grudnia 2024]}
}
@misc{OpenCV_docs,
    title = {Dokumentacja bilbioteki OpenCV},
    note = {\url{https://docs.opencv.org/4.x/index.html} [dostęp dnia 2 grudnia 2024]}
}


